% Encoding: UTF-8
@COMMENT{laut HAWA sind Institutionsnamen in CAPS zu schreiben}

@Online{Vorlage,
  author  = {Hille, Willy and Pohle, Colin and Sczyrba, Dominic},
  date    = {2021},
  title   = {LaTeX Vorlage Staatliche Studienakademie Glauchau},
  url     = {https://github.com/ba-latex/Vorlage-Latex},
  urldate = {2022-10-10},
  version = {4.3.0},
}

@Online{HILLE2021,
  author  = {Willy Hille},
  date    = {2021},
  title   = {A docker container for building LaTeX documents},
  url     = {https://github.com/jemand771/latex-build/pkgs/container/latex-build},
  urldate = {2021-08-17},
  }

@Online{HAWA,
  author   = {{STAATLICHE STUDIENAKADEMIE GLAUCHAU}},
  title    = {Hinweise zur Anfertigung wissenschaftlicher Arbeiten},
  url      = {https://www.ba-glauchau.de/fileadmin/glauchau/waehrend-des-studium/dokumente/pruefungen/4BA-F.207_Hinweise_zur_Anfertigung_wissenschaftlicher_Arbeiten.pdf},
  urldate  = {2020-06-12},
  date     = {2018},
  keywords = {HAWA, arbeiten, vorlage, latex},
}

@misc{UV,
  author   = {{FIRMA GMBH}},
  title    = {Unveröffentlichte Quelle (unveröffentlicht)},
  date     = {2022},
}

@misc{rfc3596,
	series =	{Request for Comments},
	number =	3596,
	howpublished =	{RFC 3596},
	publisher =	{RFC Editor},
	doi =		{10.17487/RFC3596},
	url =		{https://rfc-editor.org/rfc/rfc3596.txt},
  author =	{Vladimir Ksinant and Christian Huitema and Dr. Susan Thomson and Mohsen Souissi},
	title =		{{DNS Extensions to Support IP Version 6}},
	pagetotal =	8,
	date =		2003,
	month =		oct,
	urldate = {2021-09-09},
	abstract =	{This document defines the changes that need to be made to the Domain Name System (DNS) to support hosts running IP version 6 (IPv6). The changes include a resource record type to store an IPv6 address, a domain to support lookups based on an IPv6 address, and updated definitions of existing query types that return Internet addresses as part of additional section processing. The extensions are designed to be compatible with existing applications and, in particular, DNS implementations themselves. {[}STANDARDS-TRACK{]}},
}

@Book{KOHM2020,
  author    = {Kohm, Markus},
  date      = {2020-02-07},
  title     = {KOMA-Script},
  edition   = {7. überarbeitete und erweiterte Auflage},
  isbn      = {3965430971},
  location  = {Köln},
  publisher = {Lehmanns Media GmbH},
  url       = {https://www.ebook.de/de/product/38407462/markus_kohm_koma_script.html},
  ean       = {9783965430976},
  year      = {2020},
}

@Online{RHEL8,
  author  = {{Rocky Enterprise Software Foundation}},
  date    = {2022},
  title   = {It all started with a blog comment.},
  url     = {https://rockylinux.org/about/},
  urldate = {2022-10-17},
  }

@Online{user,
author  = {Hitesh Jethva},
date    = {2022-10-12},
title   = {How to Create a Sudo User in Rocky Linux 8},
url     = {https://www.atlantic.net/vps-hosting/how-to-create-a-sudo-user-in-rocky-linux-8/},
urldate = {2022-05-11},
}

@Online{ssh,
author  = {{Copyright SSH}},
date    = {2022-10-14},
title   = {Creating an SSH Key Pair for User Authentication},
url     = {https://www.ssh.com/academy/ssh/keygen},
urldate = {2022},
}

@Online{sshaccess,
author  = {Brian Boucheron},
date    = {2022-10-09},
title   = {How To Set Up SSH Keys on Rocky Linux 8},
url     = {https://www.digitalocean.com/community/tutorials/how-to-set-up-ssh-keys-on-rocky-linux-8},
urldate = {2021-09-17},
}

@Online{selinux,
author  = {{Red Hat, Inc.}},
date    = {2022-11-01},
title   = {Überblick},
url     = {https://www.redhat.com/en/topics/linux/what-is-selinux},
urldate = {2019-08-30},
}

@Online{selinuxno,
author  = {Aqsa Yasin},
date    = {2022-11-02},
title   = {How to Check SELinux Status?},
url     = {https://linuxhint.com/how-to-check-selinux-status/},
urldate = {2020-10-12},
}

@Online{mariadb,
author  = {MariaDB},
date    = {2022},
title   = {mysql\_secure\_installation},
url     = {https://mariadb.com/kb/en/mysql\_secure\_installation/},
urldate = {2022-10-06},
}

@Online{tabelle,
author  = {informatikzentrale},
date    = {2010-08-07},
title   = {MySQL-Tabelle anlegen mit CREATE TABLE},
url     = {https://www.informatikzentrale.de/mysql-tabelle-anlegen.html},
urldate = {2022-10-26},
}

@Online{datenbank,
author  = {{gridscale GmbH}},
date    = {2022},
title   = {MySQL Datenbank erstellen und löschen},
url     = {https://gridscale.io/community/tutorials/mysql-datenbank-erstellen-loeschen/},
urldate = {2022-10-27},
}

@Online{userdb,
author  = {{gridscale GmbH}},
date    = {2022},
title   = {Wie erstelle ich einen MySQL Benutzer und weise ihm Rechte zu?},
url     = {https://gridscale.io/community/tutorials/mysql-benutzer-rechte-zuweisen/},
urldate = {2022-10-27},
}



@Comment{jabref-meta: databaseType:biblatex;}
